@misc{Przystupa2021,
  doi = {10.48550/ARXIV.2106.06083},
  url = {https://arxiv.org/abs/2106.06083},
  author = {Przystupa,  Michael and Dehghan,  Masood and Jagersand,  Martin and Mahmood,  A. Rupam},
  keywords = {Robotics (cs.RO),  FOS: Computer and information sciences,  FOS: Computer and information sciences},
  title = {Analyzing Neural Jacobian Methods in Applications of Visual Servoing and Kinematic Control},
  publisher = {arXiv},
  year = {2021},
  copyright = {arXiv.org perpetual,  non-exclusive license}
}
@misc{Uchendu2022,
  doi = {10.48550/ARXIV.2204.02372},
  url = {https://arxiv.org/abs/2204.02372},
  author = {Uchendu, Ikechukwu and Xiao, Ted and Lu, Yao and Zhu, Banghua and Yan, Mengyuan and Simon, Jos√©phine and Bennice, Matthew and Fu, Chuyuan and Ma, Cong and Jiao, Jiantao and Levine, Sergey and Hausman, Karol},
  keywords = {Machine Learning (cs.LG), FOS: Computer and information sciences, FOS: Computer and information sciences},
  title = {Jump-Start Reinforcement Learning},
  publisher = {arXiv},
  year = {2022},
  copyright = {arXiv.org perpetual, non-exclusive license},
}
@inproceedings{Jagersand1997,
  doi = {10.1109/robot.1997.606723},
  url = {https://doi.org/10.1109/robot.1997.606723},
  publisher = {{IEEE}},
  year = {1997},
  author = {M. Jagersand and O. Fuentes and R. Nelson},
  title = {Experimental evaluation of uncalibrated visual servoing for precision manipulation},
  booktitle = {Proceedings of International Conference on Robotics and Automation},
}
@misc{Johannink2018,
  doi = {10.48550/ARXIV.1812.03201},
  url = {https://arxiv.org/abs/1812.03201},
  author = {Johannink, Tobias and Bahl, Shikhar and Nair, Ashvin and Luo, Jianlan and Kumar, Avinash and Loskyll, Matthias and Ojea, Juan Aparicio and Solowjow, Eugen and Levine, Sergey},
  keywords = {Robotics (cs.RO), Machine Learning (cs.LG), FOS: Computer and information sciences, FOS: Computer and information sciences},
  title = {Residual Reinforcement Learning for Robot Control},
  publisher = {arXiv},
  year = {2018},
  copyright = {arXiv.org perpetual, non-exclusive license},
}
@inproceedings{Farahmand2009,
  doi = {10.1109/robot.2009.5152834},
  url = {https://doi.org/10.1109/robot.2009.5152834},
  year = {2009},
  month = {may},
  publisher = {{IEEE}},
  author = {A.M. Farahmand and A. Shademan and M. Jagersand and C. Szepesvari},
  title = {Model-based and model-free reinforcement learning for visual servoing},
  booktitle = {2009 {IEEE} International Conference on Robotics and Automation},
}
@misc{Chaumette2006,
  doi = {10.1109/mra.2006.250573},
  url = {https://doi.org/10.1109/mra.2006.250573},
  year = {2006},
  month = {dec},
  publisher = {Institute of Electrical and Electronics Engineers ({IEEE})},
  volume = {13},
  number = {4},
  pages = {82--90},
  author = {Francois Chaumette and Seth Hutchinson},
  title = {Visual servo control. I. Basic approaches},
  journal = {{IEEE} Robotics {\&}amp$\mathsemicolon$ Automation Magazine},
}
@misc{Plappert2018,
  Author = {Matthias Plappert and Marcin Andrychowicz and Alex Ray and Bob McGrew and Bowen Baker and Glenn Powell and Jonas Schneider and Josh Tobin and Maciek Chociej and Peter Welinder and Vikash Kumar and Wojciech Zaremba},
  Title = {Multi-Goal Reinforcement Learning: Challenging Robotics Environments and Request for Research},
  Year = {2018},
  Eprint = {arXiv:1802.09464},
}
@article{Raffin2021,
  author  = {Antonin Raffin and Ashley Hill and Adam Gleave and Anssi Kanervisto and Maximilian Ernestus and Noah Dormann},
  title   = {Stable-Baselines3: Reliable Reinforcement Learning Implementations},
  journal = {Journal of Machine Learning Research},
  year    = {2021},
  volume  = {22},
  number  = {268},
  pages   = {1-8},
  url     = {http://jmlr.org/papers/v22/20-1364.html}
}
@INPROCEEDINGS{Jagersand1995,
  author={Jagersand, M. and Nelson, R.},
  booktitle={Proceedings of International Symposium on Computer Vision - ISCV},
  title={Visual space task specification, planning and control},
  year={1995},
  volume={},
  number={},
  pages={521-526},
  doi={10.1109/ISCV.1995.477054}}
@article{Levine15,
  author       = {Sergey Levine and
                  Chelsea Finn and
                  Trevor Darrell and
                  Pieter Abbeel},
  title        = {End-to-End Training of Deep Visuomotor Policies},
  journal      = {CoRR},
  volume       = {abs/1504.00702},
  year         = {2015},
  url          = {http://arxiv.org/abs/1504.00702},
  eprinttype    = {arXiv},
  eprint       = {1504.00702},
  timestamp    = {Mon, 13 Aug 2018 16:47:04 +0200},
  biburl       = {https://dblp.org/rec/journals/corr/LevineFDA15.bib},
  bibsource    = {dblp computer science bibliography, https://dblp.org}
}
@misc{Fujimoto2018,
      title={Addressing Function Approximation Error in Actor-Critic Methods},
      author={Scott Fujimoto and Herke van Hoof and David Meger},
      year={2018},
      eprint={1802.09477},
      archivePrefix={arXiv},
      primaryClass={cs.AI}
}
@misc{Johnstonbaugh2022,
  author = {Kerrick Johnstonbaugh},
  title = {Barrett WAM environments in openai gym},
  howpublished = {https://github.com/KerrickJohnstonbaugh/wam{\_}envs},
  year = {2022}
}
@inproceedings{Todorov2012,
  title={MuJoCo: A physics engine for model-based control},
  author={Todorov, Emanuel and Erez, Tom and Tassa, Yuval},
  booktitle={2012 IEEE/RSJ International Conference on Intelligent Robots and Systems},
  pages={5026--5033},
  year={2012},
  organization={IEEE},
  doi={10.1109/IROS.2012.6386109}
}
@misc{Yuan2022,
      title={Asynchronous Reinforcement Learning for Real-Time Control of Physical Robots},
      author={Yufeng Yuan and A. Rupam Mahmood},
      year={2022},
      eprint={2203.12759},
      archivePrefix={arXiv},
      primaryClass={cs.RO}
}
